@article{Karl2012,
author = {Karl, S. A. and Toonen, R. J. and Grant, W. S. and Bowen, B. W.},
doi = {10.1111/j.1365-294X.2012.05576.x},
journal = {Molecular Ecology},
number = {17},
pages = {4171--4189},
title = {{Common misconceptions in molecular ecology: echoes of the modern synthesis}},
volume = {21},
year = {2012}
}
@article{Yang2010,
author = {Yang, Z. and Rannala, B.},
doi = {10.1073/pnas.0913022107},
journal = {Proceedings of the National Academy of Sciences of the United States of America},
number = {20},
pages = {9264--9269},
title = {{Bayesian species delimitation using multilocus sequence data}},
volume = {107},
year = {2010}
}
@article{Lim2012,
author = {Lim, G. S. and Balke, M. and Meier, R.},
doi = {10.1093/sysbio/syr030},
issn = {1076-836X},
journal = {Systematic Biology},
number = {1},
pages = {165--169},
pmid = {21482553},
title = {{Determining species boundaries in a world full of rarity: singletons, species delimitation methods}},
volume = {61},
year = {2012}
}
@article{Borisenko2009,
author = {Borisenko, A. V. and Sones, J. E. and Hebert, P. D. N.},
doi = {10.1111/j.1755-0998.2009.02629.x},
issn = {1755-098X},
journal = {Molecular Ecology Resources},
number = {Suppl. 1},
pages = {27--34},
pmid = {21564961},
title = {{The front-end logistics of DNA barcoding: challenges and prospects}},
volume = {9},
year = {2009}
}
@article{Gillett2014,
author = {Gillett, C. P. D. T. and Crampton-Platt, A. and Timmermans, M. J. T. N. and Jordal, B. and Emerson, B. C. and Vogler, A. P.},
doi = {10.1093/molbev/msu154},
journal = {Molecular Biology and Evolution},
number = {8},
pages = {2223--2237},
title = {{Bulk de novo mitogenome assembly from pooled total DNA elucidates the phylogeny of weevils (Coleoptera: Curculionoidea)}},
volume = {31},
year = {2014}
}
@article{Puillandre2012a,
author = {Puillandre, N. and Bouchet, P. and Boisselier-Dubayle, M-C. and Brisset, J. and Buge, B. and Castelin, M. and Chagnoux, S. and Christophe, T. and Corbari, L. and Lambourdi\`{e}re, J. and Lozouet, P. and Marani, G. and Rivasseau, A. and Silva, N. and Terryn, Y. and Tillier, S. and Utge, J. and Samadi, S.},
doi = {10.1111/j.1755-0998.2011.03105.x},
issn = {1755-0998},
journal = {Molecular Ecology Resources},
number = {3},
pages = {396--402},
pmid = {22221866},
title = {{New taxonomy and old collections: integrating DNA barcoding into the collection curation process}},
volume = {12},
year = {2012}
}
@article{Bauer2010,
author = {Bauer, A. M. and Parham, J. F. and Brown, R. M. and Stuart, B. L. and Grismer, L. and Theodore, J and B\"{o}hme, W. and Savage, J. M. and Carranza, S. and Grismer, J. L. and Wagner, P. and Schmitz, A. and Ananjeva, N. B. and Inger, R. F.},
note = {DOI: 10.1098/rspb.2010.1330},
journal = {Proceedings of the Royal Society B: Biological Sciences},
title = {{Availability of new Bayesian-delimited gecko names and the importance of character-based species descriptions}},
year = {2010}
}
@article{Meiklejohn2011,
author = {Meiklejohn, K. A. and Wallman, J. F. and Dowton, M.},
doi = {10.1007/s00414-009-0395-y},
issn = {1437-1596},
journal = {International Journal of Legal Medicine},
number = {1},
pages = {27--32},
pmid = {19997851},
title = {{DNA-based identification of forensically important Australian Sarcophagidae (Diptera)}},
volume = {125},
year = {2011}
}
@article{Boykin2012,
author = {Boykin, L. M. and Armstrong, K. and Kubatko, L. and {De Barro}, P.},
doi = {10.1071/IS12025},
issn = {1445-5226},
journal = {Invertebrate Systematics},
number = {6},
pages = {506--514},
title = {{DNA barcoding invasive insects: database roadblocks}},
volume = {26},
year = {2012}
}
@article{Taylor1985,
author = {Taylor, W. R. and {Van Dyke}, G. C.},
journal = {Cybium},
number = {2},
pages = {107--119},
title = {{Revised procedures for staining and clearing small fishes and other vertebrates for bone and cartilage study}},
volume = {9},
year = {1985}
}
@article{Dowton2014,
author = {Dowton, M. and Meiklejohn, K. and Cameron, S. L. and Wallman, J.},
doi = {10.1093/sysbio/syu028},
issn = {1076-836X},
journal = {Systematic Biology},
number = {4},
pages = {639--644},
pmid = {24682413},
title = {{A preliminary framework for DNA barcoding, incorporating the multispecies coalescent}},
volume = {63},
year = {2014}
}
@article{Armstrong2005,
author = {Armstrong, K. F. and Ball, S. L.},
doi = {10.1098/rstb.2005.1713},
issn = {0962-8436},
journal = {Philosophical Transactions of the Royal Society B: Biological Sciences},
number = {1462},
pages = {1813--1823},
pmid = {16214740},
title = {{DNA barcodes for biosecurity: invasive species identification.}},
volume = {360},
year = {2005}
}
@article{Zhang2008,
author = {Zhang, A-B. and Sikes, D. S. and Muster, C. and Li, S. Q.},
doi = {10.1080/10635150802032982},
issn = {1063-5157},
journal = {Systematic Biology},
number = {2},
pages = {202--215},
pmid = {18398766},
title = {{Inferring species membership using DNA sequences with back-propagation neural networks}},
volume = {57},
year = {2008}
}
@article{Abdo2007,
author = {Abdo, Z. and Golding, G .B.},
doi = {10.1080/10635150601167005},
issn = {1063-5157},
journal = {Systematic Biology},
number = {1},
pages = {44--56},
pmid = {17366136},
title = {{A step toward barcoding life: a model-based, decision-theoretic method to assign genes to preexisting species groups}},
volume = {56},
year = {2007}
}
@article{Hebert2004,
author = {Hebert, P. D. N. and Stoeckle, M. Y. and Zemlak, T. S. and Francis, C. M.},
doi = {10.1371/journal.pbio.0020312},
issn = {1545-7885},
journal = {PLoS Biology},
number = {10},
pages = {e312},
pmid = {15455034},
title = {{Identification of Birds through DNA Barcodes}},
volume = {2},
year = {2004}
}
@article{Puillandre2012b,
author = {Puillandre, N. and Lambert, A. and Brouillet, S. and Achaz, G.},
doi = {10.1111/j.1365-294X.2011.05239.x},
issn = {1365-294X},
journal = {Molecular Ecology},
number = {8},
pages = {1864--1877},
pmid = {21883587},
title = {{ABGD, Automatic Barcode Gap Discovery for primary species delimitation}},
volume = {21},
year = {2012}
}
@article{Taylor2012,
author = {Taylor, H. R. and Harris, W. E.},
doi = {10.1111/j.1755-0998.2012.03119.x},
issn = {1755-0998},
journal = {Molecular Ecology Resources},
number = {3},
pages = {377--388},
pmid = {22356472},
title = {{An emergent science on the brink of irrelevance: a review of the past 8 years of DNA barcoding}},
volume = {12},
year = {2012}
}
@incollection{Meier2008,
address = {New York},
author = {Meier, R.},
booktitle = {The New Taxonomy},
chapter = {7},
editor = {Wheeler, Q. D.},
pages = {95--127},
publisher = {CRC Press},
title = {{DNA Sequences in Taxonomy: Opportunities and Challenges}},
year = {2008}
}
@article{Brown2012,
author = {Brown, S. D. J. and Collins, R. A. and Boyer, S. and Lefort, M-C. and Malumbres-Olarte, J. and Vink, C. J. and Cruickshank, R. H.},
doi = {10.1111/j.1755-0998.2011.03108.x},
issn = {1755-0998},
journal = {Molecular Ecology Resources},
number = {3},
pages = {562--565},
pmid = {22243808},
title = {{Spider: an R package for the analysis of species identity and evolution, with particular reference to DNA barcoding}},
volume = {12},
year = {2012}
}
@article{Weitschek2013,
author = {Weitschek, E. and {Van Velzen}, R. and Felici, G. and Bertolazzi, P.},
doi = {10.1111/1755-0998.12073},
issn = {1755-0998},
journal = {Molecular Ecology Resources},
number = {6},
pages = {1043--1046},
pmid = {23350601},
title = {{BLOG 2.0: a software system for character-based species classification with DNA Barcode sequences. What it does, how to use it}},
volume = {13},
year = {2013}
}
@article{Ross2014,
author = {Ross, H. A.},
doi = {10.1016/j.ympev.2014.02.021},
issn = {1095-9513},
journal = {Molecular Phylogenetics and Evolution},
pages = {10--17},
pmid = {24583289},
publisher = {Elsevier Inc.},
title = {{The incidence of species-level paraphyly in animals: a re-assessment}},
volume = {76},
year = {2014}
}
@article{Meiklejohn2012,
author = {Meiklejohn, K. A. and Wallman, J. F. and Cameron, S. L. and Dowton, M.},
journal = {Invertebrate Systematics},
pages = {515--525},
title = {{Comprehensive evaluation of DNA barcoding for the molecular species identification of forensically important Australian Sarcophagidae (Diptera)}},
volume = {26},
year = {2012}
}
@article{Virgilio2012,
author = {Virgilio, M. and Jordaens, K. and Breman, F. C. and Backeljau, T. and {De Meyer}, M.},
doi = {10.1371/journal.pone.0031581},
issn = {1932-6203},
journal = {PLoS ONE},
number = {2},
pages = {e31581},
pmid = {22359600},
title = {{Identifying insects with incomplete DNA barcode libraries, African fruit flies (Diptera: Tephritidae) as a test case}},
volume = {7},
year = {2012}
}
@article{Edwards2009,
author = {Edwards, S. and Bensch, S.},
journal = {Molecular Ecology},
pages = {2930--2933},
title = {{Looking forwards or looking backwards in avian phylogeography? A comment on Zink and Barrowclough 2008}},
volume = {18},
year = {2009}
}
@article{Meiklejohn2013,
author = {Meiklejohn, K. A. and Wallman, J. F. and Pape, T. and Cameron, S. L. and Dowton, M.},
doi = {10.1016/j.ympev.2013.04.034},
issn = {1095-9513},
journal = {Molecular Phylogenetics and Evolution},
number = {1},
pages = {133--141},
pmid = {23665035},
publisher = {Elsevier Inc.},
title = {{Utility of COI, CAD and morphological data for resolving relationships within the genus Sarcophaga (sensu lato) (Diptera: Sarcophagidae): a preliminary study}},
volume = {69},
year = {2013}
}
@article{Bergsten2012,
author = {Bergsten, J. and Bilton, D. T. and Fujisawa, T. and Elliott, M. and Monaghan, M. T. and Balke, M. and Hendrich, L. and Geijer, J. and Herrmann, J. and Foster, G. N. and Ribera, I. and Nilsson, A. N. and Barraclough, T. G. and Vogler, A. P.},
doi = {10.1093/sysbio/sys037},
issn = {1076-836X},
journal = {Systematic Biology},
number = {5},
pages = {851--869},
pmid = {22398121},
title = {{The effect of geographical scale of sampling on DNA barcoding}},
volume = {61},
year = {2012}
}
@article{Ekrem2007,
author = {Ekrem, T. and Willassen, E. and Stur, E.},
doi = {10.1016/j.ympev.2006.11.021},
issn = {1055-7903},
journal = {Molecular Phylogenetics and Evolution},
number = {2},
pages = {530--542},
pmid = {17208018},
title = {{A comprehensive DNA sequence library is essential for identification with DNA barcodes}},
volume = {43},
year = {2007}
}
@article{Zhang2012b,
author = {Zhang, A-B. and Muster, C. and Liang, H-B. and Zhu, C-D. and Crozier, R. and Wan, P. and Feng, J. and Ward, R. D.},
doi = {10.1111/j.1365-294X.2011.05235.x},
issn = {1365-294X},
journal = {Molecular Ecology},
number = {8},
pages = {1848--1863},
pmid = {21883585},
title = {{A fuzzy-set-theory-based approach to analyse species membership in DNA barcoding}},
volume = {21},
year = {2012}
}
@article{Meyer2005,
author = {Meyer, C. P. and Paulay, G.},
doi = {10.1371/journal.pbio.0030422},
issn = {1545-7885},
journal = {PLoS Biology},
number = {12},
pages = {e422},
pmid = {16336051},
title = {{DNA barcoding: error rates based on comprehensive sampling}},
volume = {3},
year = {2005}
}
@article{Dupuis2012,
author = {Dupuis, J. R. and Roe, A. D. and Sperling, F. A. H.},
doi = {10.1111/j.1365-294X.2012.05642.x},
issn = {1365-294X},
journal = {Molecular Ecology},
number = {18},
pages = {4422--4436},
pmid = {22891635},
title = {{Multi-locus species delimitation in closely related animals and fungi: one marker is not enough}},
volume = {21},
year = {2012}
}
@article{Nielsen2006,
author = {Nielsen, R. and Matz, M.},
doi = {10.1080/10635150500431239},
issn = {1063-5157},
journal = {Systematic Biology},
number = {1},
pages = {162--169},
pmid = {16507534},
title = {{Statistical approaches for DNA barcoding}},
volume = {55},
year = {2006}
}
@article{Ko2013,
author = {Ko, H-L. and Wang, Y-T. and Chiu, T-S. and Lee, M-A. and Leu, M-Y. and Chang, K-Z. and Chen, W-Y. and Shao, K-T.},
doi = {10.1371/journal.pone.0053451},
issn = {1932-6203},
journal = {PLoS ONE},
number = {1},
pages = {e53451},
pmid = {23382845},
title = {{Evaluating the accuracy of morphological identification of larval fishes by applying DNA barcoding}},
volume = {8},
year = {2013}
}
@article{Hickerson2006,
author = {Hickerson, M. J. and Meyer, C. P. and Moritz, C.},
doi = {10.1080/10635150600969898},
issn = {1063-5157},
journal = {Systematic Biology},
number = {5},
pages = {729--739},
pmid = {17060195},
title = {{DNA barcoding will often fail to discover new animal species over broad parameter space}},
volume = {55},
year = {2006}
}
@article{Funk2003,
author = {Funk, D. J. and Omland, K. E.},
journal = {Annual Review of Ecology, Evolution, and Systematics},
pages = {397--423},
title = {{Species-level paraphyly and polyphyly: frequency, causes, and consequences, with insights from animal mitochondrial DNA}},
volume = {34},
year = {2003}
}
@article{Mckay2010,
author = {McKay, B. D. and Zink, R. M.},
doi = {10.1016/j.ympev.2009.08.024},
issn = {1055-7903},
journal = {Molecular Phylogenetics and Evolution},
number = {2},
pages = {647--650},
publisher = {Elsevier Inc.},
title = {{The causes of mitochondrial DNA gene tree paraphyly in birds}},
volume = {54},
year = {2010}
}
@article{Collins2013,
author = {Collins, R. A. and Cruickshank, R. H.},
doi = {10.1111/1755-0998.12046},
issn = {1755-0998},
journal = {Molecular Ecology Resources},
number = {6},
pages = {969--975},
pmid = {23280099},
title = {{The seven deadly sins of DNA barcoding}},
volume = {13},
year = {2013}
}
@article{Becker2011,
author = {Becker, S. and Hanner, R. and Steinke, D.},
doi = {10.3109/19401736.2010.535528},
issn = {1940-1744},
journal = {Mitochondrial DNA},
number = {October},
pages = {3--9},
pmid = {21271850},
title = {{Five years of FISH-BOL: brief status report}},
volume = {22 Suppl 1},
year = {2011}
}
@article{Sonet2013,
author = {Sonet, G. and Jordaens, K. and Nagy, Z. T. and Breman, F. C. and {De Meyer}, M. and Backeljau, T. and Virgilio, M.},
doi = {10.3897/zookeys.365.6034},
journal = {ZooKeys},
pages = {329--335},
title = {{Adhoc: an R package to calculate ad hoc distance thresholds for DNA barcoding identification}},
volume = {336},
year = {2013}
}
@article{Shokralla2014,
author = {Shokralla, S. and Gibson, J. F. and Nikbakht, H. and Janzen, D. H. and Hallwachs, W. and Hajibabaei, M.},
note = {DOI: 10.1111/1755-0998.12236},
issn = {1755098X},
journal = {Molecular Ecology Resources},
title = {{Next-generation DNA barcoding: using next-generation sequencing to enhance and accelerate DNA barcode capture from single specimens}},
year = {2014}
}
@article{Ratnasingham2013,
author = {Ratnasingham, S. and Hebert, P. D. N.},
doi = {10.1371/journal.pone.0066213},
issn = {1932-6203},
journal = {PLoS ONE},
number = {7},
pages = {e66213},
pmid = {23861743},
title = {{A DNA-based registry for all animal species: the barcode index number (BIN) system}},
volume = {8},
year = {2013}
}
@article{Gregory2005,
author = {Gregory, T. R.},
doi = {10.1038/4341067a},
issn = {1476-4687},
journal = {Nature},
number = {7037},
pages = {1067},
pmid = {15858549},
title = {{DNA barcoding does not compete with taxonomy}},
volume = {434},
year = {2005}
}
@article{Goldstein2011,
author = {Goldstein, P. Z. and DeSalle, R.},
doi = {10.1002/bies.201000036},
issn = {1521-1878},
journal = {BioEssays},
number = {2},
pages = {135--147},
pmid = {21184470},
title = {{Integrating DNA barcode data and taxonomic practice: determination, discovery, and description}},
volume = {33},
year = {2011}
}
@article{Meier2006,
author = {Meier, R. and Shiyang, K. and Vaidya, G. and Ng, P. K. L.},
doi = {10.1080/10635150600969864},
issn = {1063-5157},
journal = {Systematic Biology},
number = {5},
pages = {715--728},
pmid = {17060194},
title = {{DNA barcoding and taxonomy in Diptera: a tale of high intraspecific variability and low identification success}},
volume = {55},
year = {2006}
}
@article{Zhang2012a,
author = {Zhang, A-B. and Feng, J. and Ward, R. D. and Wan, P. and Gao, Q. and Wu, J. and Zhao, W-Z.},
doi = {10.1371/journal.pone.0030986},
issn = {1932-6203},
journal = {PLoS ONE},
number = {2},
pages = {e30986},
pmid = {22363527},
title = {{A new method for species identification via protein-coding and non-coding DNA barcodes by combining machine learning with bioinformatic methods}},
volume = {7},
year = {2012}
}
